<?xml version="1.0" encoding="UTF-8"?><record xmlns="http://www.loc.gov/MARC21/slim" xmlns:cinclude="http://apache.org/cocoon/include/1.0" xmlns:zs="http://www.loc.gov/zing/srw/">
  <leader>01154cz  a2200229n  4500</leader>
  <controlfield tag="001">n 2006183729</controlfield>
  <controlfield tag="003">DLC</controlfield>
  <controlfield tag="005">20130426074958.0</controlfield>
  <controlfield tag="008">060911n| azannaabn          |a ana      </controlfield>
  <datafield tag="010" ind1=" " ind2=" ">
    <subfield code="a">n 2006183729</subfield>
  </datafield>
  <datafield tag="035" ind1=" " ind2=" ">
    <subfield code="a">(OCoLC)oca07048031</subfield>
  </datafield>
  <datafield tag="040" ind1=" " ind2=" ">
    <subfield code="a">DNLM</subfield>
    <subfield code="b">eng</subfield>
    <subfield code="e">rda</subfield>
    <subfield code="c">DNLM</subfield>
    <subfield code="d">OCoLC</subfield>
    <subfield code="d">DLC</subfield>
  </datafield>
  <datafield tag="110" ind1="2" ind2=" ">
    <subfield code="a">Government General Hospital (Chennai, India)</subfield>
  </datafield>
  <datafield tag="370" ind1=" " ind2=" ">
    <subfield code="e">Chennai, India</subfield>
  </datafield>
  <datafield tag="410" ind1="1" ind2=" ">
    <subfield code="a">Tamil Nadu (India).</subfield>
    <subfield code="b">Government General Hospital</subfield>
  </datafield>
  <datafield tag="410" ind1="2" ind2=" ">
    <subfield code="w">nne</subfield>
    <subfield code="a">Government General Hospital (Madras, India)</subfield>
  </datafield>
  <datafield tag="410" ind1="1" ind2=" ">
    <subfield code="w">nnaa</subfield>
    <subfield code="a">Madras.</subfield>
    <subfield code="b">Government General Hospital</subfield>
  </datafield>
  <datafield tag="410" ind1="1" ind2=" ">
    <subfield code="a">Madras (India).</subfield>
    <subfield code="b">Government General Hospital</subfield>
  </datafield>
  <datafield tag="410" ind1="2" ind2=" ">
    <subfield code="a">GGH</subfield>
  </datafield>
  <datafield tag="410" ind1="2" ind2=" ">
    <subfield code="a">Rajiv Gandhi Government General Hospital (Chennai, India)</subfield>
  </datafield>
  <datafield tag="670" ind1=" " ind2=" ">
    <subfield code="a">Annual report and statistics of the Government General Hospital, Madras, for the year ..., 1912:</subfield>
    <subfield code="b">t.p. (Government General Hospital, Madras) p. 5, etc. (Government General Hospital)</subfield>
  </datafield>
  <datafield tag="670" ind1=" " ind2=" ">
    <subfield code="a">Wikipedia, viewed Apr. 25, 2013</subfield>
    <subfield code="b">(under Government General Hospital, Chennai: Government General Hospital in Chennai; GGH; funded and managed by the state government of Tamil Nadu; renamed Rajiv Gandhi Government General Hospital, Jan. 2011)</subfield>
  </datafield>
</record>